\bibliography {Referências Bibliográficas}
\label{Bibliografia}
 
@ARTICLE{Dottaviano_1987_Definability_and_quantifier_elimination_for_J3_theories,
  author =       {I.M.L. D'Ottaviano},
  title =        {Definability and quantifier elimination for {{\bf J}}$_{3}$-theories},
  journal =      {Studia Logica},
  year =         {1987},
  volume =       {46},
  number =       {1},
  pages =        {37--54},
}


@PHDTHESIS{Alves_1976_Logic_and_Inconsistency,
  author =       {E. Alves},
  title =        "Logic and Inconsistency \emph{(in Portuguese)}",
  school =       {University of S\~ao Paulo},
  year =         {1976},
  address =      "Brazil",
}


@BOOK{Popper_1959_The_Logic_of_Scientific_Discovey,
  author =       {K. R. Popper},
  title =        {The  Logic  of Scientific Discovey},
  publisher =    {Hutchinson \& Co., Ltd.},
  year =         {1959},
  address =      {London},
  note =         {(English translation of {\it
Logik der Forschung}, Julius Springer Verlag, Vienna, 1936)},
}


@INPROCEEDINGS{Carnielli_2000_Possible-Translations-Semantics_for_Paraconsistent_Logics,
  author  =      "Carnielli, W.A.",
  year =         {2000},
  title =        {Possible-{T}ranslations {S}emantics for {P}araconsistent {L}ogics},
  booktitle =  {Frontiers of {P}araconsistent {L}ogic: {P}roceedings of the {I}
{W}orld {C}ongress on {P}araconsistency},
  editor =  {Batens, D. and Mortensen, C. and Priest, G. and Van Bendegem, J.~P.},
  pages =        {149--163},
  publisher =    {Baldock: Research Studies Press, King's College Publications},
  series =       {Logic and Computation Series},
}


@UNPUBLISHED{JMarcos_2000_8K_solutions_and_semi-solutions_to_a_problem_of_da_Costa,
  author =       {J. Marcos},
  title =        {8K solutions and semi-solutions to a problem of da {C}osta},
  year =         {2000},
  note =         {Draft},
}


@ARTICLE{Sette_1973_On_the_Propositional_Calculus_P1,
  author =       "Sette, A.M.",
  title =        "On the {P}ropositional {C}alculus ${P}^1$",
  journal =      "Mathematica Japonicae",
  year =         "1973",
  volume =       "18",
  number =       "13",
  pages =        "173--180",
}


@INPROCEEDINGS{Arruda_1980_A_survey_of_paraconsistent_logic,
  author  =      "Arruda, A.I.",
  year =         {1980},
  title =        {A survey of paraconsistent logic},
  booktitle =  {Mathematical Logic in Latin America: Proceedings of the IV Latin
               American Symposium on Mathematical Logic},
  editor =  {A.~I. Arruda and R. Chuaqui and N.~C.~A. da Costa},
  pages =        {1--41},
  publisher =    {North-Holland},
}


@INPROCEEDINGS{Carnielli_JMarcos_2002_A_Taxonomy_of_C-Systems,
  author  =      "Carnielli, W.A. and Marcos, J.",
  year =         {2002},
  title =        {A Taxonomy of {{\bf C}}-Systems},
  booktitle =  {Paraconsistency - the Logical Way to the Inconsistent},
  editor =  {W.~A. Carnielli and M.~E. Coniglio and I.~M.~L. D'Ottaviano},
  pages =        {1--94},
  publisher =    {Marcel Dekker},
  volume =       {228},
  series =       {Lecture Notes in Pure and Applied Mathematics},
  address =      "New York",
}


@BOOK{Bobenrieth-Miserda_1996_Inconsistencias_Por_que_no,
  author =       {A. Bobenrieth-Miserda},
  title =        {Inconsistencias >Por qu\'e no? Un
                 estudio filos\'ofico sobre la l\'ogica paraconsistente (in {S}panish)},
  publisher =    {Tercer Mundo Editores},
  year =         {1996},
  address =       {Santaf\'{e} de Bogot\'{a}},
}


@INPROCEEDINGS{Bueno_1999_Truth_quasi-truth_and_paraconsistency,
  author  =      {O. Bueno},
  year =         {1999},
  title =        {Truth, quasi-truth and paraconsistency},
  booktitle =  {Advances in Contemporary Logic and Computer Science},
  editor =  {W.~A. Carnielli and I.~M.~L. D'Ottaviano},
  pages =        {275--293},
  publisher =    {American Mathematical Society},
  volume =       {235},
  series =       {Contemporary Mathematics Series},
}

@INPROCEEDINGS{Caleiro_JMarcos_2001_Non-truth-functional_fibred_semantics,
  author  =      {C. Caleiro and J. Marcos},
  year =         {2001},
  title =        {Non-truth-functional fibred semantics},
  booktitle =  {Proceedings of the 2001 International Conference on Artificial Intelligence
               (IC-AI'2001)},
  editor =  {H. R. Arabnia},
  pages =        {841--847},
  publisher =    {CSREA Press},
  volume =       {II},
}

@ARTICLE{Carnielli_Acantara_1984_Paraconsistent_Algebras,
  author =       {W.A. Carnielli and L.P. de Alcantara},
  title =        {Paraconsistent Algebras},
  journal =      {Studia Logica},
  year =         {1984},
  volume =       {43},
  number =       {1/2},
  pages =        {79--88},
}


@ARTICLE{Carnielli_JMarcos_1999_Limits_for_paraconsistent_calculi,
  author =       {W.A. Carnielli and J. Marcos},
  title =        {Limits for paraconsistent calculi},
  journal =      {Notre Dame Journal of Formal Logic},
  year =         {1999},
  volume =       {40},
  number =       {3},
  pages =        {375--390},
}


@UNPUBLISHED{Coniglio_2001_Categorial_Combination_of_Logics_Completeness_Preservation,
  author =       {M.E. Coniglio},
  title =        {Categorial Combination of Logics: Completeness Preservation},
  year =         {2001},
  note =         {Forthcoming},
}


@MASTERSTHESIS{CLeite_2003_Paraconsistency_modalities_and_cognoscibility,
  author =       {A. Costa-Leite},
  title =        "Paraconsist\^{e}ncia, modalidades e cognoscibilidade
  ({P}araconsistency, modalities and cognoscibility, in {P}ortuguese)",
  school =       "IFCH-UNICAMP",
  year =         "2003",
  address =      "Campinas, Brazil",
}

@PHDTHESIS{dCosta_1963_Inconsistent_Formal_Systems,
  author =       {N. C. A. da Costa},
  title =        "Inconsistent Formal Systems \emph{(in Portuguese)}",
  school =       {Federal University of Parana},
  year =         {1963},
  address =      "Curitiba, Brazil",
  note =         {Edited by Editora UFPR, Curitiba, 1993},
}


@MASTERSTHESIS{Fernandez_2001_Semantica_de_Sociedades_para_Logicas_n-valentes,
  author =       "Fern{\'a}ndez, V.L.",
  title =        "Sem{\^a}ntica de {S}ociedades para {L}{\'o}gicas $n$-valentes
  ({S}ociety {S}emantics for $n$-valued Logics, in {P}ortuguese)",
  school =       "IFCH-UNICAMP",
  year =         "2001",
  address =      "Campinas, Brazil",
  note         = {\\ URL = http://www.cle.unicamp.br/prof/coniglio/teaching.htm},
}


@MASTERSTHESIS{JMarcos_1999_Semanticas_de_Traducoes_Possiveis,
  author =       "J. Marcos",
  title =        "Semânticas de {T}raduções {P}ossíveis
({P}ossible {T}ranslations {S}emantics, in {P}ortuguese)",
  school =       "IFCH-UNICAMP",
  year =         "1999",
  address =      "Campinas, Brazil",
  note         = {\\ URL = http://www.cle.unicamp.br/pub/thesis/J.Marcos/},
}
