\bibliography {Referências Bibliográficas}
\label{Bibliografia}
@article{coutinho,
  title={Criptografia},
  author={Coutinho, Severino Collier},
  journal={Rio de Janeiro, IMPA/SBM, Programa de Inicia{\c{c}}{\~a}o Cient{\'\i}fica da OBMEP},
  year={2007}
}
@article{newdirections,
  title={New directions in cryptography},
  author={Diffie, Whitfield and Hellman, Martin},
  journal={IEEE transactions on Information Theory},
  volume={22},
  number={6},
  pages={644--654},
  year={1976},
  publisher={IEEE}
}
@book{gauss,
  title={Methodus nova integralium valores per approximationem inveniendi},
  author={Gauss, Carl Friedrich},
  year={1815},
  publisher={apvd Henricvm Dieterich}
}
@article{rivest,
  title={A method for obtaining digital signatures and public-key cryptosystems},
  author={Rivest, Ronald L and Shamir, Adi and Adleman, Leonard},
  journal={Communications of the ACM},
  volume={21},
  number={2},
  pages={120--126},
  year={1978},
  publisher={ACM}
}
@article{shannon,
  title={Communication theory of secrecy systems},
  author={Shannon, Claude E},
  journal={Bell system technical journal},
  volume={28},
  number={4},
  pages={656--715},
  year={1949},
  publisher={Wiley Online Library}
}
@book{sinkov,
  title={Elementary cryptanalysis},
  author={Sinkov, Abraham and Feil, Todd},
  volume={22},
  year={2009},
  publisher={MAA}
}
@online{millenial,
  title = {Millennium Problems | Clay Mathematics Institute},
  howpublished = {\url{http://www.claymath.org/millennium-problems}},
  note = {Acessado em 15/11/2016}
}
@article{riemann,
  title={Ueber die Anzahl der Primzahlen unter einer gegebenen Grosse},
  author={Riemann, Bernhard},
  journal={Ges. Math. Werke und Wissenschaftlicher Nachla{\s{s}}},
  volume={2},
  pages={145--155},
  year={1859}
}
